@online{DEFINICIO_ANALEMA,
  author = {Wikipedia},
  title = {Analema},
  year = 2025,
  url = {https://es.wikipedia.org/wiki/Analema},
  urldate = {2025-04-22}
}

@online{ANALEMA_WIKI,
  author = {Wikipedia},
  title = {Analemma},
  year = 2025,
  url = {https://en.wikipedia.org/wiki/Analemma},
  urldate = {2025-04-22}
}

@online{EQ_OF_TIME,
  author = {Wikipedia},
  title = {Equation of time},
  year = 2025,
  url = {https://en.wikipedia.org/wiki/Equation_of_time},
  urldate = {2025-04-22}
}

